@techreport{ tdk2014,
	title = {Elosztott biztons{\'a}gkritikus rendszerek modellvez{\'e}relt fejleszt{\'e}se},
	author = {Benedek, Horv{\'a}th and Raimund-Andreas, Konnerth and Zsolt M{\'a}zl{\'o}},
	institution = {Budapest University of Technology and Economics, Faculty of Electrical Engineering and Informatics Department of Measurement and Information Systems},
	year={2014},
	publisher={BME}
}

This is definitely not a masters thesis. TODO

@mastersthesis{ bsc_thesis,
	title = {Complex Event Processing based on Automata theory},
	author = {L{\'a}szl{\'o} Balogh},
	institution = {Budapest University of Technology and Economics, Faculty of Electrical Engineering and Informatics Department of Measurement and Information Systems},
	year={2015},
	publisher={BME}
}

@incollection{qea,
  title={Quantified event automata: Towards expressive and efficient runtime monitors},
  author={Barringer, Howard and Falcone, Ylies and Havelund, Klaus and Reger, Giles and Rydeheard, David},
  booktitle={FM 2012: Formal Methods},
  pages={68--84},
  year={2012},
  publisher={Springer}
}

@incollection{cea,
  title={Modeling and verification of a fault-tolerant real-time startup protocol using calendar automata},
  author={Dutertre, Bruno and Sorea, Maria},
  booktitle={Formal Techniques, Modelling and Analysis of Timed and Fault-Tolerant Systems},
  pages={199--214},
  year={2004},
  publisher={Springer}
}

@article{tre,
  title={Timed regular expressions},
  author={Asarin, Eugene and Caspi, Paul and Maler, Oded},
  journal={Journal of the ACM},
  volume={49},
  number={2},
  pages={172--206},
  year={2002}
}

@incollection{marq,
  title={MARQ: Monitoring at Runtime with QEA},
  author={Reger, Giles and Cruz, Helena Cuenca and Rydeheard, David},
  booktitle={Tools and Algorithms for the Construction and Analysis of Systems},
  pages={596--610},
  year={2015},
  publisher={Springer}
}

@online{EMF,
  title = {Eclipse Modeling Project},
  url = {https://eclipse.org/modeling/emf/},
  urldate = {2015-10-22}
}

@online{CEP,
  title = {VIATRA/CEP},
  url = {https://wiki.eclipse.org/VIATRA/CEP},
  urldate = {2015-10-25}
}

TODO find a better link?

@online{IncQuery,
  title = {VIATRA-Query},
  url = {http://wiki.eclipse.org/VIATRA/Query},
  urldate = {2017-05-19}
}

@online{VIATRA,
	title = {VIATRA},
	url = {http://www.eclipse.org/viatra/},
	urldate = {2017-05-19}
}

@online{yakinduu,
  title = {Yakindu},
  url = {http://statecharts.org/},
  urldate = {2015-10-26}
}

@online{fsmd,
  title = {Finite State Machine Designer},
  url = {http://madebyevan.com/fsm/},
  urldate = {2015-10-26}
}

@proceedings {TrainBenchmark,
  title = {Train Benchmark Case: an EMF-IncQuery Solution},
  journal = {8th Transformation Tool Contest},
  year = {2015},
  address = {L{\textquoteright}Aquila, Italy},
  author = {G{\'a}bor Sz{\'a}rnyas and M{\'a}rton B{\'u}r and Istv{\'a}n R{\'a}th}
}

@inproceedings{randomwikipedialink1,
  title={Overview of the EIA 632 standard: processes for engineering a system},
  author={Martin, James N},
  booktitle={Digital Avionics Systems Conference, 1998. Proceedings., 17th DASC. The AIAA/IEEE/SAE},
  volume={1},
  pages={B32--1},
  year={1998},
  organization={IEEE}
}

@article{randomwikipedialink2,
  title={Systems Engineering-Key to Modern Development},
  author={Schlager, Kenneth J},
  journal={IRE Transactions on Engineering Management},
  year={1956}
}

@article{ymodel,
  title={Y: a new component-based software life cycle model},
  author={Capretz, Luiz Fernando},
  journal={Journal of Computer Science},
  volume={1},
  number={1},
  pages={76--82},
  year={2005},
  publisher={Citeseer}
}

@article{randomwikipedialink3,
  title={A Review on Various Software Development Life Cycle (SDLC) Models},
  author={Suresh Kute, Seema and Thorat, Surabhi Deependra},
  journal={IJRCCT},
  volume={3},
  number={7},
  pages={776--781},
  year={2014}
}

@article{uml,
  title={OMG unified modeling language specification},
  author={Booch, Grady and Jacobson, Ivar and Rumbaugh, Jim},
  journal={Object Management Group},
  volume={1034},
  pages={15--44},
  year={2000}
}

@book{asdasasdasdasdasdasdasdeztnemkenehivatkozni,
  title={The unified modeling language user guide},
  author={Booch, Grady},
  year={2005},
  publisher={Pearson Education India}
}

@incollection{fuml,
  title={Towards a formal account of a foundational subset for executable UML models},
  author={Crane, Michelle L and Dingel, Juergen},
  booktitle={Model Driven Engineering Languages and Systems},
  pages={675--689},
  year={2008},
  publisher={Springer}
}

@article{dutertre2004timed,
  title={Timed systems in SAL},
  author={Dutertre, Bruno and Sorea, Maria and others},
  journal={SRI Int., Menlo Park, CA, USA, Tech. Rep. SRI-SDL-04-03},
  year={2004}
}

@mastersthesis {fapts,
    title = {Formal Analysis of Parametric Timed Systems},
    volume = {MSc},
    year = {2014},
    month = {05/2014},
    pages = {87},
    school = {Budapest University of Technology and Economics},
    type = {Master{\textquoteright}s thesis},
    address = {Budapest},
    author = {Tam{\'a}s T{\'o}th}
}

@article{msc,
  title={MSC-2000 interaction diagrams for the new millennium},
  author={Haugen, {\O}ystein},
  journal={Computer Networks},
  volume={35},
  number={6},
  pages={721--732},
  year={2001},
  publisher={Elsevier}
}

@incollection{msc2,
  title={Message sequence charts},
  author={Harel, David and Thiagarajan, PS},
  booktitle={UML for Real},
  pages={77--105},
  year={2003},
  publisher={Springer}
}

@phdthesis{Klose2003,
	author    = {Jochen Klose},
	title     = {{Live Sequence Charts: A Graphical Formalism for the Specification of Communication Behavior}},
	school    = {Carl von Ossietzky University of Oldenburg},
	year      = {2003},
	url       = {http://d-nb.info/970053304},
	timestamp = {Wed, 04 May 2016 16:03:45 +0200},
	biburl    = {http://dblp.org/rec/bib/phd/de/Klose2003},
	bibsource = {dblp computer science bibliography, http://dblp.org}
} 

@incollection{mscuml,
  title={Comparing uml 2.0 interactions and msc-2000},
  author={Haugen, {\O}ystein},
  booktitle={System Analysis and Modeling},
  pages={65--79},
  year={2005},
  publisher={Springer}
}

@article{stcuml,
  title={OMG Unified Modeling Language (OMG UML), Superstructure},
  author={OM Group and others},
  journal={Open Management Group},
  year={2009}
}

@article{stcmove,
  title={Who moved my state},
  author={Samek, Miro},
  journal={Dr. Dobb’s Journal},
  year={2003}
}

@article{yakindu,
  title={Yakindu},
  author={Muelder, Andreas},
  journal={Jun-2011.[Online]. Available: http://www. yakindu. org/yakindu/.[Accessed: 20-Aug-2009]},
  year={2011}
}

@inproceedings{safetycritical,
  title={Safety critical systems: challenges and directions},
  author={Knight, John C},
  booktitle={Software Engineering, 2002. ICSE 2002. Proceedings of the 24rd International Conference on},
  pages={547--550},
  year={2002},
  organization={IEEE}
}

@book{automatonrelated,
  title={Systems and software verification: model-checking techniques and tools},
  author={B{\'e}rard, B{\'e}atrice and Bidoit, Michel and Finkel, Alain and Laroussinie, Fran{\c{c}}ois and Petit, Antoine and Petrucci, Laure and Schnoebelen, Philippe},
  year={2013},
  publisher={Springer Science \& Business Media}
}

@article{ieee1012,
  title={Software verification and validation: an overview},
  author={Wallace, Dolores R and Fujii, Roger U},
  journal={IEEE Software},
  number={3},
  pages={10--17},
  year={1989},
  publisher={IEEE}
}

@techreport{vmodel,
  title={Clarus: Concept of operations},
  author={Osborne, Leon and Brummond, Jeffrey and Hart, Robert D and Zarean, Mohsen and Conger, Steven M},
  year={2005}
}



@incollection{davidi,
year={2014},
isbn={978-3-319-11652-5},
booktitle={Model-Driven Engineering Languages and Systems},
volume={8767},
series={Lecture Notes in Computer Science},
editor={Dingel, Juergen and Schulte, Wolfram and Ramos, Isidro and Abrahão, Silvia and Insfran, Emilio},
doi={10.1007/978-3-319-11653-2_5},
title={Streaming Model Transformations By Complex Event Processing},
publisher={Springer International Publishing},
keywords={Streaming model transformations; complex event processing; live models; change-driven transformations},
author={Dávid, István and Ráth, István and Varró, Dániel},
pages={68-83},
language={English}
}

@incollection{baier2009timed,
  title={When are timed automata determinizable?},
  author={Baier, Christel and Bertrand, Nathalie and Bouyer, Patricia and Brihaye, Thomas},
  booktitle={Automata, Languages and Programming},
  pages={43--54},
  year={2009},
  publisher={Springer}
}


@incollection{bergmann2010incremental,
  title={Incremental evaluation of model queries over EMF models},
  author={Bergmann, G{\'a}bor and Horv{\'a}th, {\'A}kos and R{\'a}th, Istv{\'a}n and Varr{\'o}, D{\'a}niel and Balogh, Andr{\'a}s and Balogh, Zolt{\'a}n and {\"O}kr{\"o}s, Andr{\'a}s},
  booktitle={Model Driven Engineering Languages and Systems},
  pages={76--90},
  year={2010},
  publisher={Springer}
}

@incollection{drools,
  title={Drools: a rule engine for complex event processing},
  author={Proctor, Mark},
  booktitle={Applications of Graph Transformations with Industrial Relevance},
  pages={2--2},
  year={2012},
  publisher={Springer}
}


@online{esper,
  title = {EsperTech - Esper},
  url = {http://www.espertech.com/esper/},
  urldate = {2015-10-22}
}


@incollection{finkel2006undecidable,
  title={Undecidable problems about timed automata},
  author={Finkel, Olivier},
  booktitle={Formal Modeling and Analysis of Timed Systems},
  pages={187--199},
  year={2006},
  publisher={Springer}
}

@misc{lam2006compilers,
  title={Compilers: Principles, techniques and tools},
  author={Lam, Monica and Sethi, Ravi and Ullman, JD and Aho, AV},
  year={2006},
  publisher={Pearson Education}
}

@book{sysml1,
  title={A practical guide to SysML: the systems modeling language},
  author={Friedenthal, Sanford and Moore, Alan and Steiner, Rick},
  year={2014},
  publisher={Morgan Kaufmann}
}

@book{sysml2,
  title={Systems engineering with SysML/UML: modeling, analysis, design},
  author={Weilkiens, Tim},
  year={2011},
  publisher={Morgan Kaufmann}
}

@article{delgado2004taxonomy,
  title={A taxonomy and catalog of runtime software-fault monitoring tools},
  author={Delgado, Nelly and Gates, Ann Quiroz and Roach, Steve},
  journal={Software Engineering, IEEE Transactions on},
  volume={30},
  number={12},
  pages={859--872},
  year={2004},
  publisher={IEEE}
}

@article{majzik1996multiprocessor,
  title={Multiprocessor checking using watchdog processors},
  author={Majzik, Istv{\'a}n and Hohl, Wolfgang and Pataricza, Andr{\'a}s and Sieh, Volker},
  journal={Computer Systems Science and Engineering},
  volume={11},
  number={5},
  pages={301--310},
  year={1996}
}

@inproceedings{ho2014online,
  title={Online monitoring of metric temporal logic},
  author={Ho, Hsi-Ming and Ouaknine, Jo{\"e}l and Worrell, James},
  booktitle={Runtime Verification},
  pages={178--192},
  year={2014},
  organization={Springer}
}
@article{simmonds2013monitoring,
  title={Monitoring and recovery for web service applications},
  author={Simmonds, Jocelyn and Ben-David, Shoham and Chechik, Marsha},
  journal={Computing},
  volume={95},
  number={3},
  pages={223--267},
  year={2013},
  publisher={Springer}
}

@inproceedings{pike2012runtime,
  title={Runtime verification for ultra-critical systems},
  author={Pike, Lee and Niller, Sebastian and Wegmann, Nis},
  booktitle={Runtime Verification},
  pages={310--324},
  year={2012},
  organization={Springer}
}

@incollection{reinbacher2011past,
  title={Past time LTL runtime verification for microcontroller binary code},
  author={Reinbacher, Thomas and Brauer, J{\"o}rg and Horauer, Martin and Steininger, Andreas and Kowalewski, Stefan},
  booktitle={Formal Methods for Industrial Critical Systems},
  pages={37--51},
  year={2011},
  publisher={Springer}
}

@inproceedings{eisner2007psl,
  title={PSL for runtime verification: Theory and practice},
  author={Eisner, Cindy},
  booktitle={Runtime Verification},
  pages={1--8},
  year={2007},
  organization={Springer}
}

@book{nivckovic2010mtl,
  title={From MTL to deterministic timed automata},
  author={Ni{\v{c}}kovi{\'c}, Dejan and Piterman, Nir},
  year={2010},
  publisher={Springer}
}

@inproceedings{pnueli1977temporal,
  title={The temporal logic of programs},
  author={Pnueli, Amir},
  booktitle={Foundations of Computer Science, 1977., 18th Annual Symposium on},
  pages={46--57},
  year={1977},
  organization={IEEE}
}

@article{alur1994theory,
  title={A theory of timed automata},
  author={Alur, Rajeev and Dill, David L},
  journal={Theoretical computer science},
  volume={126},
  number={2},
  pages={183--235},
  year={1994},
  publisher={Elsevier}
}


@inproceedings{alur1994determinizable,
  title={A determinizable class of timed automata},
  author={Alur, Rajeev and Fix, Limor and Henzinger, Thomas A},
  booktitle={Computer Aided Verification},
  pages={1--13},
  year={1994},
  organization={Springer}
}

@incollection{suman2008timed,
  title={Timed automata with integer resets: Language inclusion and expressiveness},
  author={Suman, P Vijay and Pandya, Paritosh K and Krishna, Shankara Narayanan and Manasa, Lakshmi},
  booktitle={Formal Modeling and Analysis of Timed Systems},
  pages={78--92},
  year={2008},
  publisher={Springer}
}

@inproceedings{ouaknine2004language,
  title={On the language inclusion problem for timed automata: Closing a decidability gap},
  author={Ouaknine, J{\"e}el and Worrell, James},
  booktitle={Logic in Computer Science, 2004. Proceedings of the 19th Annual IEEE Symposium on},
  pages={54--63},
  year={2004},
  organization={IEEE}
}

@techreport{tdk2015,
  title = {Hierarchical runtime verification for critical cyber-physical systems},
  author = {L{\'a}szl{\'o}, Balogh and De{\'e}, Florian and B{\'a}lint, Hegyi},
  institution = {Budapest University of Technology and Economics, Faculty of Electrical Engineering and Informatics Department of Measurement and Information Systems},
  year={2015},
  publisher={BME}
}